%% DUNE
@article{DUNE-FD:Abi_2020,
doi = {10.1088/1748-0221/15/08/T08010},
url = {https://dx.doi.org/10.1088/1748-0221/15/08/T08010},
year = {2020},
month = {aug},
publisher = {},
volume = {15},
number = {08},
pages = {T08010},
author = {B. Abi and R. Acciarri and M.A. Acero and G. Adamov and D. Adams and M. Adinolfi and Z. Ahmad and J. Ahmed and T. Alion and S. Alonso Monsalve and C. Alt and J. Anderson and C. Andreopoulos and M. Andrews and F. Andrianala and S. Andringa and A. Ankowski and M. Antonova and S. Antusch and A. Aranda-Fernandez and A. Ariga and L.O. Arnold and M.A. Arroyave and J. Asaadi and A. Aurisano and V. Aushev and D. Autiero and F. Azfar and H. Back and J.J. Back and C. Backhouse and P. Baesso and L. Bagby and R. Bajou and S. Balasubramanian and P. Baldi and B. Bambah and F. Barao and G. Barenboim and G. Barker and W. Barkhouse and C. Barnes and G. Barr and J. Barranco Monarca and N. Barros and J.L. Barrow and A. Bashyal and V. Basque and F. Bay and J. Bazo Alba and J.F. Beacom and E. Bechetoille and B. Behera and L. Bellantoni and G. Bellettini and V. Bellini and O. Beltramello and D. Belver and N. Benekos and F. Bento Neves and J. Berger and S. Berkman and P. Bernardini and R.M. Berner and H. Berns and S. Bertolucci and M. Betancourt and Y. Bezawada and M. Bhattacharjee and B. Bhuyan and S. Biagi and J. Bian and M. Biassoni and K. Biery and B. Bilki and M. Bishai and A. Bitadze and A. Blake and B. Blanco Siffert and F. Blaszczyk and G. Blazey and E. Blucher and J. Boissevain and S. Bolognesi and T. Bolton and M. Bonesini and M. Bongrand and F. Bonini and A. Booth and C. Booth and S. Bordoni and A. Borkum and T. Boschi and N. Bostan and P. Bour and S. Boyd and D. Boyden and J. Bracinik and D. Braga and D. Brailsford and A. Brandt and J. Bremer and C. Brew and E. Brianne and S.J. Brice and C. Brizzolari and C. Bromberg and G. Brooijmans and J. Brooke and A. Bross and G. Brunetti and N. Buchanan and H. Budd and D. Caiulo and P. Calafiura and J. Calcutt and M. Calin and S. Calvez and E. Calvo and L. Camilleri and A. Caminata and M. Campanelli and D. Caratelli and G. Carini and B. Carlus and P. Carniti and I. Caro Terrazas and H. Carranza and A. Castillo and C. Castromonte and C. Cattadori and F. Cavalier and F. Cavanna and S. Centro and G. Cerati and A. Cervelli and A. Cervera Villanueva and M. Chalifour and C. Chang and E. Chardonnet and A. Chatterjee and S. Chattopadhyay and J. Chaves and H. Chen and M. Chen and Y. Chen and D. Cherdack and C. Chi and S. Childress and A. Chiriacescu and K. Cho and S. Choubey and A. Christensen and D. Christian and G. Christodoulou and E. Church and P. Clarke and T.E. Coan and A.G. Cocco and J. Coelho and E. Conley and J. Conrad and M. Convery and L. Corwin and P. Cotte and L. Cremaldi and L. Cremonesi and J.I. Crespo-Anadón and E. Cristaldo and R. Cross and C. Cuesta and Y. Cui and D. Cussans and M. Dabrowski and H. Da Motta and L. Da Silva Peres and Q. David and G.S. Davies and S. Davini and J. Dawson and K. De and R.M. De Almeida and P. Debbins and I. De Bonis and M. Decowski and A. De Gouvea and P.C. De Holanda and I.L. De Icaza Astiz and A. Deisting and P. De Jong and A. Delbart and D. Delepine and M. Delgado and A. Dell'Acqua and P. De Lurgio and J.R. De Mello Neto and D.M. DeMuth and S. Dennis and C. Densham and G. Deptuch and A. De Roeck and V. De Romeri and J. De Vries and R. Dharmapalan and M. Dias and F. Diaz and J. Diaz and S. Di Domizio and L. Di Giulio and P. Ding and L. Di Noto and C. Distefano and R. Diurba and M. Diwan and Z. Djurcic and N. Dokania and M. Dolinski and L. Domine and D. Douglas and F. Drielsma and D. Duchesneau and K. Duffy and P. Dunne and T. Durkin and H. Duyang and O. Dvornikov and D. Dwyer and A. Dyshkant and M. Eads and D. Edmunds and J. Eisch and S. Emery and A. Ereditato and C. Escobar and L. Escudero Sanchez and J.J. Evans and E. Ewart and A.C. Ezeribe and K. Fahey and A. Falcone and C. Farnese and Y. Farzan and J. Felix and E. Fernandez-Martinez and P. Fernandez Menendez and F. Ferraro and L. Fields and A. Filkins and F. Filthaut and R.S. Fitzpatrick and W. Flanagan and B. Fleming and R. Flight and J. Fowler and W. Fox and J. Franc and K. Francis and D. Franco and J. Freeman and J. Freestone and J. Fried and A. Friedland and S. Fuess and I. Furic and A.P. Furmanski and A. Gago and H. Gallagher and A. Gallego-Ros and N. Gallice and V. Galymov and E. Gamberini and T. Gamble and R. Gandhi and R. Gandrajula and S. Gao and D. Garcia-Gamez and M.Á. García-Peris and S. Gardiner and D. Gastler and G. Ge and B. Gelli and A. Gendotti and S. Gent and Z. Ghorbani-Moghaddam and D. Gibin and I. Gil-Botella and C. Girerd and A. Giri and D. Gnani and O. Gogota and M. Gold and S. Gollapinni and K. Gollwitzer and R.A. Gomes and L. Gomez Bermeo and L.S. Gomez Fajardo and F. Gonnella and J. Gonzalez-Cuevas and M.C. Goodman and O. Goodwin and S. Goswami and C. Gotti and E. Goudzovski and C. Grace and M. Graham and E. Gramellini and R. Gran and E. Granados and A. Grant and C. Grant and D. Gratieri and P. Green and S. Green and L. Greenler and M. Greenwood and J. Greer and C. Griffith and M. Groh and J. Grudzinski and K. Grzelak and W. Gu and V. Guarino and R. Guenette and A. Guglielmi and B. Guo and K. Guthikonda and R. Gutierrez and P. Guzowski and M.M. Guzzo and S. Gwon and A. Habig and A. Hackenburg and H. Hadavand and R. Haenni and A. Hahn and J. Haigh and J. Haiston and T. Hamernik and P. Hamilton and J. Han and K. Harder and D.A. Harris and J. Hartnell and T. Hasegawa and R. Hatcher and E. Hazen and A. Heavey and K.M. Heeger and K. Hennessy and S. Henry and M. Hernandez Morquecho and K. Herner and L. Hertel and A.S. Hesam and J. Hewes and A. Higuera Pichardo and T. Hill and S.J. Hillier and A. Himmel and J. Hoff and C. Hohl and A. Holin and E. Hoppe and G.A. Horton-Smith and M. Hostert and A. Hourlier and B. Howard and R. Howell and J. Huang and J. Huang and J. Hugon and G. Iles and A.M. Iliescu and R. Illingworth and A. Ioannisian and R. Itay and A. Izmaylov and E. James and B. Jargowsky and F. Jediny and C. Jesús-Valls and X. Ji and L. Jiang and S. Jiménez and A. Jipa and A. Joglekar and C. Johnson and R. Johnson and B. Jones and S. Jones and C. Jung and T. Junk and Y. Jwa and M. Kabirnezhad and A. Kaboth and I. Kadenko and F. Kamiya and G. Karagiorgi and A. Karcher and M. Karolak and Y. Karyotakis and S. Kasai and S.P. Kasetti and L. Kashur and N. Kazaryan and E. Kearns and P. Keener and K.J. Kelly and E. Kemp and W. Ketchum and S. Kettell and M. Khabibullin and A. Khotjantsev and A. Khvedelidze and D. Kim and B. King and B. Kirby and M. Kirby and J. Klein and K. Koehler and L.W. Koerner and S. Kohn and P.P. Koller and M. Kordosky and T. Kosc and U. Kose and V. Kostelecky and K. Kothekar and F. Krennrich and I. Kreslo and Y. Kudenko and V. Kudryavtsev and S. Kulagin and J. Kumar and R. Kumar and C. Kuruppu and V. Kus and T. Kutter and A. Lambert and K. Lande and C.E. Lane and K. Lang and T. Langford and P. Lasorak and D. Last and C. Lastoria and A. Laundrie and A. Lawrence and I. Lazanu and R. LaZur and T. Le and J. Learned and P. LeBrun and G. Lehmann Miotto and R. Lehnert and M. Leigui de Oliveira and M. Leitner and M. Leyton and L. Li and S. Li and S. Li and T. Li and Y. Li and H. Liao and C. Lin and S. Lin and A. Lister and B.R. Littlejohn and J. Liu and S. Lockwitz and T. Loew and M. Lokajicek and I. Lomidze and K. Long and K. Loo and D. Lorca and T. Lord and J. LoSecco and W.C. Louis and K. Luk and X. Luo and N. Lurkin and T. Lux and V.P. Luzio and D. MacFarland and A. Machado and P. Machado and C. Macias and J. Macier and A. Maddalena and P. Madigan and S. Magill and K. Mahn and A. Maio and J.A. Maloney and G. Mandrioli and J.C. Maneira and L. Manenti and S. Manly and A. Mann and K. Manolopoulos and M. Manrique Plata and A. Marchionni and W. Marciano and D. Marfatia and C. Mariani and J. Maricic and F. Marinho and A.D. Marino and M. Marshak and C. Marshall and J. Marshall and J. Marteau and J. Martin-Albo and N. Martinez and D.A. Martinez Caicedo and S. Martynenko and K. Mason and A. Mastbaum and M. Masud and S. Matsuno and J. Matthews and C. Mauger and N. Mauri and K. Mavrokoridis and R. Mazza and A. Mazzacane and E. Mazzucato and E. McCluskey and N. McConkey and K.S. McFarland and C. McGrew and A. McNab and A. Mefodiev and P. Mehta and P. Melas and M. Mellinato and O. Mena and S. Menary and H. Mendez and A. Menegolli and G. Meng and M. Messier and W. Metcalf and M. Mewes and H. Meyer and T. Miao and G. Michna and T. Miedema and J. Migenda and R. Milincic and W. Miller and J. Mills and C. Milne and O. Mineev and O.G. Miranda and S. Miryala and C. Mishra and S. Mishra and A. Mislivec and D. Mladenov and I. Mocioiu and K. Moffat and N. Moggi and R. Mohanta and T.A. Mohayai and N. Mokhov and J.A. Molina and L. Molina Bueno and A. Montanari and C. Montanari and D. Montanari and L.M. Montano Zetina and J. Moon and M. Mooney and A. Moor and D. Moreno and B. Morgan and C. Morris and C. Mossey and E. Motuk and C.A. Moura and J. Mousseau and W. Mu and L. Mualem and J. Mueller and M. Muether and S. Mufson and F. Muheim and A. Muir and M. Mulhearn and H. Muramatsu and S. Murphy and J. Musser and J. Nachtman and S. Nagu and M. Nalbandyan and R. Nandakumar and D. Naples and S. Narita and D. Navas-Nicolás and N. Nayak and M. Nebot-Guinot and L. Necib and K. Negishi and J.K. Nelson and J. Nesbit and M. Nessi and D. Newbold and M. Newcomer and D. Newhart and R. Nichol and E. Niner and K. Nishimura and A. Norman and R. Northrop and P. Novella and J.A. Nowak and M. Oberling and A. Olivares Del Campo and A. Olivier and Y. Onel and Y. Onishchuk and J. Ott and L. Pagani and S. Pakvasa and O. Palamara and S. Palestini and J.M. Paley and M. Pallavicini and C. Palomares and E. Pantic and V. Paolone and V. Papadimitriou and R. Papaleo and A. Papanestis and S. Paramesvaran and S. Parke and Z. Parsa and M. Parvu and S. Pascoli and L. Pasqualini and J. Pasternak and J. Pater and C. Patrick and L. Patrizii and R.B. Patterson and S. Patton and T. Patzak and A. Paudel and B. Paulos and L. Paulucci and Z. Pavlovic and G. Pawloski and D. Payne and V. Pec and S.J. Peeters and Y. Penichot and E. Pennacchio and A. Penzo and O.L. Peres and J. Perry and D. Pershey and G. Pessina and G. Petrillo and C. Petta and R. Petti and F. Piastra and L. Pickering and F. Pietropaolo and J. Pillow and R. Plunkett and R. Poling and X. Pons and N. Poonthottathil and S. Pordes and M. Potekhin and R. Potenza and B.V. Potukuchi and J. Pozimski and M. Pozzato and S. Prakash and T. Prakash and S. Prince and G. Prior and D. Pugnere and K. Qi and X. Qian and J. Raaf and R. Raboanary and V. Radeka and J. Rademacker and B. Radics and A. Rafique and E. Raguzin and M. Rai and M. Rajaoalisoa and I. Rakhno and H. Rakotondramanana and L. Rakotondravohitra and Y. Ramachers and R. Rameika and M. Ramirez Delgado and B. Ramson and A. Rappoldi and G. Raselli and P. Ratoff and S. Ravat and H. Razafinime and J. Real and B. Rebel and D. Redondo and M. Reggiani-Guzzo and T. Rehak and J. Reichenbacher and S.D. Reitzner and A. Renshaw and S. Rescia and F. Resnati and A. Reynolds and G. Riccobene and L.C. Rice and K. Rielage and Y. Rigaut and D. Rivera and L. Rochester and M. Roda and P. Rodrigues and M. Rodriguez Alonso and J. Rodriguez Rondon and A. Roeth and H. Rogers and S. Rosauro-Alcaraz and M. Rossella and J. Rout and S. Roy and A. Rubbia and C. Rubbia and B. Russell and J. Russell and D. Ruterbories and R. Saakyan and S. Sacerdoti and T. Safford and N. Sahu and P. Sala and N. Samios and M. Sanchez and D.A. Sanders and D. Sankey and S. Santana and M. Santos-Maldonado and N. Saoulidou and P. Sapienza and C. Sarasty and I. Sarcevic and G. Savage and V. Savinov and A. Scaramelli and A. Scarff and A. Scarpelli and T. Schaffer and H. Schellman and P. Schlabach and D. Schmitz and K. Scholberg and A. Schukraft and E. Segreto and J. Sensenig and I. Seong and A. Sergi and F. Sergiampietri and D. Sgalaberna and M. Shaevitz and S. Shafaq and M. Shamma and H.R. Sharma and R. Sharma and T. Shaw and C. Shepherd-Themistocleous and S. Shin and D. Shooltz and R. Shrock and L. Simard and N. Simos and J. Sinclair and G. Sinev and J. Singh and J. Singh and V. Singh and R. Sipos and F. Sippach and G. Sirri and A. Sitraka and K. Siyeon and D. Smargianaki and A. Smith and A. Smith and E. Smith and P. Smith and J. Smolik and M. Smy and P. Snopok and M. Soares Nunes and H. Sobel and M. Soderberg and C.J. Solano Salinas and S. Söldner-Rembold and N. Solomey and V. Solovov and W.E. Sondheim and M. Sorel and J. Soto-Oton and A. Sousa and K. Soustruznik and F. Spagliardi and M. Spanu and J. Spitz and N.J. Spooner and K. Spurgeon and R. Staley and M. Stancari and L. Stanco and H. Steiner and J. Stewart and B. Stillwell and J. Stock and F. Stocker and T. Stokes and M. Strait and T. Strauss and S. Striganov and A. Stuart and D. Summers and A. Surdo and V. Susic and L. Suter and C. Sutera and R. Svoboda and B. Szczerbinska and A. Szelc and R. Talaga and H. Tanaka and B. Tapia Oregui and A. Tapper and S. Tariq and E. Tatar and R. Tayloe and A. Teklu and M. Tenti and K. Terao and C.A. Ternes and F. Terranova and G. Testera and A. Thea and J.L. Thompson and C. Thorn and S. Timm and A. Tonazzo and M. Torti and M. Tortola and F. Tortorici and D. Totani and M. Toups and C. Touramanis and J. Trevor and W.H. Trzaska and Y.T. Tsai and Z. Tsamalaidze and K. Tsang and N. Tsverava and S. Tufanli and C. Tull and E. Tyley and M. Tzanov and M.A. Uchida and J. Urheim and T. Usher and M. Vagins and P. Vahle and G. Valdiviesso and E. Valencia and Z. Vallari and J.W. Valle and S. Vallecorsa and R. Van Berg and R.G. Van de Water and D. Vanegas Forero and F. Varanini and D. Vargas and G. Varner and J. Vasel and G. Vasseur and K. Vaziri and S. Ventura and A. Verdugo and S. Vergani and M.A. Vermeulen and M. Verzocchi and H. Vieira de Souza and C. Vignoli and C. Vilela and B. Viren and T. Vrba and T. Wachala and A.V. Waldron and M. Wallbank and H. Wang and J. Wang and Y. Wang and Y. Wang and K. Warburton and D. Warner and M. Wascko and D. Waters and A. Watson and P. Weatherly and A. Weber and M. Weber and H. Wei and A. Weinstein and D. Wenman and M. Wetstein and M.R. While and A. White and L.H. Whitehead and D. Whittington and M.J. Wilking and C. Wilkinson and Z. Williams and F. Wilson and R.J. Wilson and J. Wolcott and T. Wongjirad and K. Wood and L. Wood and E. Worcester and M. Worcester and C. Wret and W. Wu and W. Wu and Y. Xiao and G. Yang and T. Yang and N. Yershov and K. Yonehara and T. Young and B. Yu and J. Yu and J. Zalesak and L. Zambelli and B. Zamorano and A. Zani and L. Zazueta and G. Zeller and J. Zennamo and K. Zeug and C. Zhang and M. Zhao and E. Zhivun and G. Zhu and E.D. Zimmerman and M. Zito and S. Zucchelli and J. Zuklin and V. Zutshi and R. Zwaska},
title = {Volume IV. The DUNE far detector single-phase technology},
journal = {Journal of Instrumentation}}

@article{DUNE_Vertical:Paulucci_2022,
doi = {10.1088/1748-0221/17/01/C01067},
url = {https://dx.doi.org/10.1088/1748-0221/17/01/C01067},
year = {2022},
month = {jan},
publisher = {IOP Publishing},
volume = {17},
number = {01},
pages = {C01067},
author = {L. Paulucci and on behalf of DUNE collaboration},
title = {The DUNE vertical drift photon detection system},
journal = {Journal of Instrumentation}
}

@misc{DUNE_FD_TDR_2020,
  doi = {10.48550/ARXIV.2002.03005},
  
  url = {https://arxiv.org/abs/2002.03005},
  
  author = {Abi, B. and Acciarri, R. and Acero, Mario A. and Adamov, G. and Adams, D. and Adinolfi, M. and Ahmad, Z. and Ahmed, J. and Alion, T. and Monsalve, S. Alonso and Alt, C. and Anderson, J. and Andreopoulos, C. and Andrews, M. P. and Andrianala, F. and Andringa, S. and Ankowski, A. and Anthony, J. and Antonova, M. and Antusch, S. and Fernandez, A. Aranda and Ariga, A. and Arnold, L. O. and Arroyave, M. A. and Asaadi, J. and Aurisano, A. and Aushev, V. and Autiero, D. and Azfar, F. and Back, H. and Back, J. J. and Backhouse, C. and Baesso, P. and Bagby, L. and Bajou, R. and Balasubramanian, S. and Baldi, P. and Bambah, B. and Barao, F. and Barenboim, G. and Barker, G. J. and Barkhouse, W. and Barnes, C. and Barr, G. and Monarca, J. Barranco and Barros, N. and Barrow, J. L. and Bashyal, A. and Basque, V. and Bay, F. and Alba, J. L. Bazo and Beacom, J. F. and Bechetoille, E. and Behera, B. and Bellantoni, L. and Bellettini, G. and Bellini, V. and Beltramello, O. and Belver, D. and Benekos, N. and Neves, F. Bento and Berger, J. and Berkman, S. and Bernardini, P. and Berner, R. M. and Berns, H. and Bertolucci, S. and Betancourt, M. and Bezawada, Y. and Bhattacharjee, M. and Bhuyan, B. and Biagi, S. and Bian, J. and Biassoni, M. and Biery, K. and Bilki, B. and Bishai, M. and Bitadze, A. and Blake, A. and Siffert, B. Blanco and Blaszczyk, F. D. M. and Blazey, G. C. and Blucher, E. and Boissevain, J. and Bolognesi, S. and Bolton, T. and Bonesini, M. and Bongrand, M. and Bonini, F. and Booth, A. and Booth, C. and Bordoni, S. and Borkum, A. and Boschi, T. and Bostan, N. and Bour, P. and Boyd, S. B. and Boyden, D. and Bracinik, J. and Braga, D. and Brailsford, D. and Brandt, A. and Bremer, J. and Brew, C. and Brianne, E. and Brice, S. J. and Brizzolari, C. and Bromberg, C. and Brooijmans, G. and Brooke, J. and Bross, A. and Brunetti, G. and Buchanan, N. and Budd, H. and Caiulo, D. and Calafiura, P. and Calcutt, J. and Calin, M. and Calvez, S. and Calvo, E. and Camilleri, L. and Caminata, A. and Campanelli, M. and Caratelli, D. and Carini, G. and Carlus, B. and Carniti, P. and Terrazas, I. Caro and Carranza, H. and Castillo, A. and Castromonte, C. and Cattadori, C. and Cavalier, F. and Cavanna, F. and Centro, S. and Cerati, G. and Cervelli, A. and Villanueva, A. Cervera and Chalifour, M. and Chang, C. and Chardonnet, E. and Chatterjee, A. and Chattopadhyay, S. and Chaves, J. and Chen, H. and Chen, M. and Chen, Y. and Cherdack, D. and Chi, C. and Childress, S. and Chiriacescu, A. and Cho, K. and Choubey, S. and Christensen, A. and Christian, D. and Christodoulou, G. and Church, E. and Clarke, P. and Coan, T. E. and Cocco, A. G. and Coelho, J. A. B. and Conley, E. and Conrad, J. M. and Convery, M. and Corwin, L. and Cotte, P. and Cremaldi, L. and Cremonesi, L. and Crespo-Anadon, J. I. and Cristaldo, E. and Cross, R. and Cuesta, C. and Cui, Y. and Cussans, D. and Dabrowski, M. and da Motta, H. and Peres, L. Da Silva and David, Q. and Davies, G. S. and Davini, S. and Dawson, J. and De, K. and De Almeida, R. M. and Debbins, P. and De Bonis, I. and Decowski, M. P. and de Gouvea, A. and De Holanda, P. C. and Astiz, I. L. De Icaza and Deisting, A. and De Jong, P. and Delbart, A. and Delepine, D. and Delgado, M. and Dell'Acqua, A. and De Lurgio, P. and Neto, J. R. T. de Mello and DeMuth, D. M. and Dennis, S. and Densham, C. and Deptuch, G. and De Roeck, A. and De Romeri, V. and De Vries, J. J. and Dharmapalan, R. and Diaz, F. and Diaz, J. S. and Di Domizio, S. and Di Giulio, L. and Ding, P. and Di Noto, L. and Distefano, C. and Diurba, R. and Diwan, M. and Djurcic, Z. and Dokania, N. and Dolinski, M. J. and Domine, L. and Douglas, D. and Drielsma, F. and Duchesneau, D. and Duffy, K. and Dunne, P. and Durkin, T. and Duyang, H. and Dvornikov, O. and Dwyer, D. A. and Dyshkant, A. S. and Eads, M. and Edmunds, D. and Eisch, J. and Emery, S. and Ereditato, A. and Escobar, C. O. and Sanchez, L. Escudero and Evans, J. J. and Ewart, E. and Ezeribe, A. C. and Fahey, K. and Falcone, A. and Farnese, C. and Farzan, Y. and Felix, J. and Fernandez-Martinez, E. and Menendez, P. Fernandez and Ferraro, F. and Fields, L. and Filkins, A. and Filthaut, F. and Fitzpatrick, R. S. and Flanagan, W. and Fleming, B. and Flight, R. and Fowler, J. and Fox, W. and Franc, J. and Francis, K. and Franco, D. and Freeman, J. and Freestone, J. and Fried, J. and Friedland, A. and Fuess, S. and Furic, I. and Furmanski, A. P. and Gago, A. and Gallagher, H. and Gallego-Ros, A. and Gallice, N. and Galymov, V. and Gamberini, E. and Gamble, T. and Gandhi, R. and Gandrajula, R. and Gao, S. and Garcia-Gamez, D. and Garcia-Peris, M. Á. and Gardiner, S. and Gastler, D. and Ge, G. and Gelli, B. and Gendotti, A. and Gent, S. and Ghorbani-Moghaddam, Z. and Gibin, D. and Gil-Botella, I. and Girerd, C. and Giri, A. K. and Gnani, D. and Gogota, O. and Gold, M. and Gollapinni, S. and Gollwitzer, K. and Gomes, R. A. and Bermeo, L. V. Gomez and Fajardo, L. S. Gomez and Gonnella, F. and Gonzalez-Cuevas, J. A. and Goodman, M. C. and Goodwin, O. and Goswami, S. and Gotti, C. and Goudzovski, E. and Grace, C. and Graham, M. and Gramellini, E. and Gran, R. and Granados, E. and Grant, A. and Grant, C. and Gratieri, D. and Green, P. and Green, S. and Greenler, L. and Greenwood, M. and Greer, J. and Griffith, W. C. and Groh, M. and Grudzinski, J. and Grzelak, K. and Gu, W. and Guarino, V. and Guenette, R. and Guglielmi, A. and Guo, B. and Guthikonda, K. K. and Gutierrez, R. and Guzowski, P. and Guzzo, M. M. and Gwon, S. and Habig, A. and Hackenburg, A. and Hadavand, H. and Haenni, R. and Hahn, A. and Haigh, J. and Haiston, J. and Hamernik, T. and Hamilton, P. and Han, J. and Harder, K. and Harris, D. A. and Hartnell, J. and Hasegawa, T. and Hatcher, R. and Hazen, E. and Heavey, A. and Heeger, K. M. and Hennessy, K. and Henry, S. and Morquecho, M. A. Hernandez and Herner, K. and Hertel, L. and Hesam, A. S. and Hewes, J. and Higuera, A. and Hill, T. and Hillier, S. J. and Himmel, A. and Hoff, J. and Hohl, C. and Holin, A. and Hoppe, E. and Horton-Smith, G. A. and Hostert, M. and Hourlier, A. and Howard, B. and Howell, R. and Huang, J. and Huang, J. and Hugon, J. and Iles, G. and Iliescu, A. M. and Illingworth, R. and Ioannisian, A. and Itay, R. and Izmaylov, A. and James, E. and Jargowsky, B. and Jediny, F. and Jesus-Valls, C. and Ji, X. and Jiang, L. and Jiménez, S. and Jipa, A. and Joglekar, A. and Johnson, C. and Johnson, R. and Jones, B. and Jones, S. and Jung, C. K. and Junk, T. and Jwa, Y. and Kabirnezhad, M. and Kaboth, A. and Kadenko, I. and Kamiya, F. and Karagiorgi, G. and Karcher, A. and Karolak, M. and Karyotakis, Y. and Kasai, S. and Kasetti, S. P. and Kashur, L. and Kazaryan, N. and Kearns, E. and Keener, P. and Kelly, K. J. and Kemp, E. and Ketchum, W. and Kettell, S. H. and Khabibullin, M. and Khotjantsev, A. and Khvedelidze, A. and Kim, D. and King, B. and Kirby, B. and Kirby, M. and Klein, J. and Koehler, K. and Koerner, L. W. and Kohn, S. and Koller, P. P. and Kordosky, M. and Kosc, T. and Kose, U. and Kostelecky, V. A. and Kothekar, K. and Krennrich, F. and Kreslo, I. and Kudenko, Y. and Kudryavtsev, V. A. and Kulagin, S. and Kumar, J. and Kumar, R. and Kuruppu, C. and Kus, V. and Kutter, T. and Lambert, A. and Lande, K. and Lane, C. E. and Lang, K. and Langford, T. and Lasorak, P. and Last, D. and Lastoria, C. and Laundrie, A. and Lawrence, A. and Lazanu, I. and LaZur, R. and Le, T. and Learned, J. and LeBrun, P. and Miotto, G. Lehmann and Lehnert, R. and de Oliveira, M. A. Leigui and Leitner, M. and Leyton, M. and Li, L. and Li, S. and Li, S. W. and Li, T. and Li, Y. and Liao, H. and Lin, C. S. and Lin, S. and Lister, A. and Littlejohn, B. R. and Liu, J. and Lockwitz, S. and Loew, T. and Lokajicek, M. and Lomidze, I. and Long, K. and Loo, K. and Lorca, D. and Lord, T. and LoSecco, J. M. and Louis, W. C. and Luk, K. B. and Luo, X. and Lurkin, N. and Lux, T. and Luzio, V. P. and MacFarland, D. and Machado, A. A. and Machado, P. and Macias, C. T. and Macier, J. R. and Maddalena, A. and Madigan, P. and Magill, S. and Mahn, K. and Maio, A. and Maloney, J. A. and Mandrioli, G. and Maneira, J. and Manenti, L. and Manly, S. and Mann, A. and Manolopoulos, K. and Plata, M. Manrique and Marchionni, A. and Marciano, W. and Marfatia, D. and Mariani, C. and Maricic, J. and Marinho, F. and Marino, A. D. and Marshak, M. and Marshall, C. and Marshall, J. and Marteau, J. and Martin-Albo, J. and Martinez, N. and Caicedo, D. A. Martinez and Martynenko, S. and Mason, K. and Mastbaum, A. T. and Masud, M. and Matsuno, S. and Matthews, J. and Mauger, C. and Mauri, N. and Mavrokoridis, K. and Mazza, R. and Mazzacane, A. and Mazzucato, E. and McCluskey, E. and McConkey, N. and McFarland, K. S. and McGrew, C. and McNab, A. and Mefodiev, A. and Mehta, P. and Melas, P. and Mellinato, M. and Mena, O. and Menary, S. and Santos, L. Mendes and Mendez, H. and Menegolli, A. and Meng, G. and Messier, M. D. and Metcalf, W. and Mewes, M. and Meyer, H. and Miao, T. and Michna, G. and Miedema, T. and Migenda, J. and Milincic, R. and Miller, W. and Mills, J. and Milne, C. and Mineev, O. and Miranda, O. G. and Miryala, S. and Mishra, C. S. and Mishra, S. R. and Mislivec, A. and Mladenov, D. and Mocioiu, I. and Moffat, K. and Moggi, N. and Mohanta, R. and Mohayai, T. A. and Mokhov, N. and Molina, J. and Bueno, L. Molina and Montanari, A. and Montanari, C. and Montanari, D. and Zetina, L. M. Montano and Moon, J. and Mooney, M. and Moor, A. and Moreno, D. and Morgan, B. and Morris, C. and Mossey, C. and Motuk, E. and Moura, C. A. and Mousseau, J. and Mu, W. and Mualem, L. and Mueller, J. and Muether, M. and Mufson, S. and Muheim, F. and Muir, A. and Mulhearn, M. and Muramatsu, H. and Murphy, S. and Musser, J. and Nachtman, J. and Nagu, S. and Nalbandyan, M. and Nandakumar, R. and Naples, D. and Narita, S. and Navas-Nicolas, D. and Nayak, N. and Nebot-Guinot, M. and Necib, L. and Negishi, K. and Nelson, J. K. and Nesbit, J. and Nessi, M. and Newbold, D. and Newcomer, M. and Newhart, D. and Nichol, R. and Niner, E. and Nishimura, K. and Norman, A. and Northrop, R. and Novella, P. and Nowak, J. A. and Oberling, M. and Del Campo, A. Olivares and Olivier, A. and Onel, Y. and Onishchuk, Y. and Ott, J. and Pagani, L. and Pakvasa, S. and Palamara, O. and Palestini, S. and Paley, J. M. and Pallavicini, M. and Palomares, C. and Pantic, E. and Paolone, V. and Papadimitriou, V. and Papaleo, R. and Papanestis, A. and Paramesvaran, S. and Parke, S. and Parsa, Z. and Parvu, M. and Pascoli, S. and Pasqualini, L. and Pasternak, J. and Pater, J. and Patrick, C. and Patrizii, L. and Patterson, R. B. and Patton, S. J. and Patzak, T. and Paudel, A. and Paulos, B. and Paulucci, L. and Pavlovic, Z. and Pawloski, G. and Payne, D. and Pec, V. and Peeters, S. J. M. and Penichot, Y. and Pennacchio, E. and Penzo, A. and Peres, O. L. G. and Perry, J. and Pershey, D. and Pessina, G. and Petrillo, G. and Petta, C. and Petti, R. and Piastra, F. and Pickering, L. and Pietropaolo, F. and Pillow, J. and Plunkett, R. and Poling, R. and Pons, X. and Poonthottathil, N. and Pordes, S. and Potekhin, M. and Potenza, R. and Potukuchi, B. V. K. S. and Pozimski, J. and Pozzato, M. and Prakash, S. and Prakash, T. and Prince, S. and Pugnere, D. and Qi, K. and Qian, X. and Raaf, J. L. and Raboanary, R. and Radeka, V. and Rademacker, J. and Radics, B. and Rafique, A. and Raguzin, E. and Rai, M. and Rajaoalisoa, M. and Rakhno, I. and Rakotondramanana, H. T. and Rakotondravohitra, L. and Ramachers, Y. A. and Rameika, R. and Delgado, M. A. Ramirez and Ramson, B. and Rappoldi, A. and Raselli, G. and Ratoff, P. and Ravat, S. and Razafinime, H. and Real, J. S. and Rebel, B. and Redondo, D. and Reggiani-Guzzo, M. and Rehak, T. and Reichenbacher, J. and Reitzner, S. D. and Renshaw, A. and Rescia, S. and Resnati, F. and Reynolds, A. and Riccobene, G. and Rice, L. C. J. and Rielage, K. and Rigaut, Y. and Rivera, D. and Rochester, L. and Roda, M. and Rodrigues, P. and Alonso, M. J. Rodriguez and Rondon, J. Rodriguez and Roeth, A. J. and Rogers, H. and Rosauro-Alcaraz, S. and Rossella, M. and Rout, J. and Roy, S. and Rubbia, A. and Rubbia, C. and Russell, B. and Russell, J. and Ruterbories, D. and Saakyan, R. and Sacerdoti, S. and Safford, T. and Sahu, N. and Sala, P. and Samios, N. and Sanchez, M. C. and Sanders, D. A. and Sankey, D. and Santana, S. and Santos-Maldonado, M. and Saoulidou, N. and Sapienza, P. and Sarasty, C. and Sarcevic, I. and Savage, G. and Savinov, V. and Scaramelli, A. and Scarff, A. and Scarpelli, A. and Schaffer, T. and Schellman, H. and Schlabach, P. and Schmitz, D. and Scholberg, K. and Schukraft, A. and Segreto, E. and Sensenig, J. and Seong, I. and Sergi, A. and Sergiampietri, F. and Sgalaberna, D. and Shaevitz, M. H. and Shafaq, S. and Shamma, M. and Sharma, H. R. and Sharma, R. and Shaw, T. and Shepherd-Themistocleous, C. and Shin, S. and Shooltz, D. and Shrock, R. and Simard, L. and Simos, N. and Sinclair, J. and Sinev, G. and Singh, J. and Singh, J. and Sipos, R. and Sippach, F. W. and Sirri, G. and Sitraka, A. and Siyeon, K. and Smargianaki, D. and Smith, A. and Smith, A. and Smith, E. and Smith, P. and Smolik, J. and Smy, M. and Snopok, P. and Nunes, M. Soares and Sobel, H. and Soderberg, M. and Salinas, C. J. Solano and Soldner-Rembold, S. and Solomey, N. and Solovov, V. and Sondheim, W. E. and Sorel, M. and Soto-Oton, J. and Sousa, A. and Soustruznik, K. and Spagliardi, F. and Spanu, M. and Spitz, J. and Spooner, N. J. and Spurgeon, K. and Staley, R. and Stancari, M. and Stanco, L. and Steiner, H. M. and Stewart, J. and Stillwell, B. and Stock, J. and Stocker, F. and Stokes, T. and Strait, M. and Strauss, T. and Striganov, S. and Stuart, A. and Summers, D. and Surdo, A. and Susic, V. and Suter, L. and Sutera, C. M. and Svoboda, R. and Szczerbinska, B. and Szelc, A. and Talaga, R. and Tanaka, H. A. and Oregui, B. Tapia and Tapper, A. and Tariq, S. and Tatar, E. and Tayloe, R. and Teklu, A. M. and Tenti, M. and Terao, K. and Ternes, C. A. and Terranova, F. and Testera, G. and Thea, A. and Thompson, J. L. and Thorn, C. and Timm, S. C. and Tonazzo, A. and Torti, M. and Tortola, M. and Tortorici, F. and Totani, D. and Toups, M. and Touramanis, C. and Trevor, J. and Trzaska, W. H. and Tsai, Y. T. and Tsamalaidze, Z. and Tsang, K. V. and Tsverava, N. and Tufanli, S. and Tull, C. and Tyley, E. and Tzanov, M. and Uchida, M. A. and Urheim, J. and Usher, T. and Vagins, M. R. and Vahle, P. and Valdiviesso, G. A. and Valencia, E. and Vallari, Z. and Valle, J. W. F. and Vallecorsa, S. and Van Berg, R. and Van de Water, R. G. and Forero, D. Vanegas and Varanini, F. and Vargas, D. and Varner, G. and Vasel, J. and Vasseur, G. and Vaziri, K. and Ventura, S. and Verdugo, A. and Vergani, S. and Vermeulen, M. A. and Verzocchi, M. and de Souza, H. Vieira and Vignoli, C. and Vilela, C. and Viren, B. and Vrba, T. and Wachala, T. and Waldron, A. V. and Wallbank, M. and Wang, H. and Wang, J. and Wang, Y. and Wang, Y. and Warburton, K. and Warner, D. and Wascko, M. and Waters, D. and Watson, A. and Weatherly, P. and Weber, A. and Weber, M. and Wei, H. and Weinstein, A. and Wenman, D. and Wetstein, M. and While, M. R. and White, A. and Whitehead, L. H. and Whittington, D. and Wilking, M. J. and Wilkinson, C. and Williams, Z. and Wilson, F. and Wilson, R. J. and Wolcott, J. and Wongjirad, T. and Wood, K. and Wood, L. and Worcester, E. and Worcester, M. and Wret, C. and Wu, W. and Wu, W. and Xiao, Y. and Yang, G. and Yang, T. and Yershov, N. and Yonehara, K. and Young, T. and Yu, B. and Yu, J. and Zalesak, J. and Zambelli, L. and Zamorano, B. and Zani, A. and Zazueta, L. and Zeller, G. P. and Zennamo, J. and Zeug, K. and Zhang, C. and Zhao, M. and Zhivun, E. and Zhu, G. and Zimmerman, E. D. and Zito, M. and Zucchelli, S. and Zuklin, J. and Zutshi, V. and Zwaska, R.},
  
  keywords = {High Energy Physics - Experiment (hep-ex), Instrumentation and Detectors (physics.ins-det), FOS: Physical sciences, FOS: Physical sciences},
  
  title = {Deep Underground Neutrino Experiment (DUNE), Far Detector Technical Design Report, Volume II: DUNE Physics},
  
  publisher = {arXiv},
  
  year = {2020},
  
  copyright = {arXiv.org perpetual, non-exclusive license}
}



%% LArTPCs / LArPix
@article{lartpc:nygren,
author = {Marx,Jay N.  and Nygren,David R. },
title = {The Time Projection Chamber},
journal = {Physics Today},
volume = {31},
number = {10},
pages = {46-53},
year = {1978},
doi = {10.1063/1.2994775},
URL = {https://doi.org/10.1063/1.2994775},
eprint = {https://doi.org/10.1063/1.2994775}
}

@techreport{rubbia1977liquid,
  title={The liquid-argon time projection chamber: a new concept for neutrino detectors},
  author={Rubbia, Carlo},
  year={1977}
}

@article{lartpc_energy_resolution:PhysRevD.99.036009,
  title = {Understanding the energy resolution of liquid argon neutrino detectors},
  author = {Friedland, Alexander and Li, Shirley Weishi},
  journal = {Phys. Rev. D},
  volume = {99},
  issue = {3},
  pages = {036009},
  numpages = {22},
  year = {2019},
  month = {Feb},
  publisher = {American Physical Society},
  doi = {10.1103/PhysRevD.99.036009},
  url = {https://link.aps.org/doi/10.1103/PhysRevD.99.036009}
}


@article{larpix:Dwyer_2018,
doi = {10.1088/1748-0221/13/10/P10007},
url = {https://dx.doi.org/10.1088/1748-0221/13/10/P10007},
year = {2018},
month = {oct},
publisher = {},
volume = {13},
number = {10},
pages = {P10007},
author = {D.A. Dwyer and M. Garcia-Sciveres and D. Gnani and C. Grace and S. Kohn and M. Kramer and A. Krieger and C.J. Lin and K.B. Luk and P. Madigan and C. Marshall and H. Steiner and T. Stezelberger},
title = {LArPix: demonstration of low-power 3D pixelated charge readout   for liquid argon time projection chambers},
journal = {Journal of Instrumentation}
}

@article{Asaadi_2018,
doi = {10.1088/1748-0221/13/02/C02008},
url = {https://dx.doi.org/10.1088/1748-0221/13/02/C02008},
year = {2018},
month = {feb},
publisher = {},
volume = {13},
number = {02},
pages = {C02008},
author = {J. Asaadi and M. Auger and A. Ereditato and D. Goeldi and R. Hänni and U. Kose and I. Kreslo and D. Lorca and M. Luethi and C. Rudolf von Rohr and J. Sinclair and F. Stocker and C. Tognina and M. Weber},
title = {A pixelated charge readout for Liquid Argon Time Projection Chambers},
journal = {Journal of Instrumentation},
abstract = {Liquid Argon Time Projection Chambers (LArTPCs) are ideally   suited to perform long-baseline neutrino experiments aiming to   measure CP violation in the lepton sector, and determine the   ordering of the three neutrino mass eigenstates.  LArTPCs have used   projective wire readouts for charge detection since their conception   in 1977.  However, wire readouts are notoriously fragile and   therefore a limiting factor in the design of any large mass   detectors.  Furthermore, a wire readout also introduces intrinsic   ambiguities in event reconstruction.  Within the ArgonCube   concept—the liquid argon component of the DUNE near detector—we   are developing a pixelated charge readout for LArTPCs.  Pixelated   charge readout systems represent the single largest advancement in   the sensitivity of LArTPCs.  They are mechanically robust and   provide direct 3D readout, serving to minimise reconstruction   ambiguities, enabling more advanced triggers, further reducing event   pile-up and improving background rejection.  This article presents   first results from a pixelated LArTPC prototype built and operated   in Bern.}
}

@article{ArgoNeuT:PhysRevD.99.012002,
  title = {Demonstration of MeV-scale physics in liquid argon time projection chambers using ArgoNeuT},
  author = {Acciarri, R. and Adams, C. and Asaadi, J. and Baller, B. and Bolton, T. and Bromberg, C. and Cavanna, F. and Church, E. and Edmunds, D. and Ereditato, A. and Farooq, S. and Ferrari, A. and Fitzpatrick, R. S. and Fleming, B. and Hackenburg, A. and Horton-Smith, G. and James, C. and Lang, K. and Lantz, M. and Lepetic, I. and Littlejohn, B. R. and Luo, X. and Mehdiyev, R. and Page, B. and Palamara, O. and Rebel, B. and Sala, P. R. and Scanavini, G. and Schukraft, A. and Smirnov, G. and Soderberg, M. and Spitz, J. and Szelc, A. M. and Weber, M. and Wu, W. and Yang, T. and Zeller, G. P.},
  collaboration = {ArgoNeuT Collaboration},
  journal = {Phys. Rev. D},
  volume = {99},
  issue = {1},
  pages = {012002},
  numpages = {10},
  year = {2019},
  month = {Jan},
  publisher = {American Physical Society},
  doi = {10.1103/PhysRevD.99.012002},
  url = {https://link.aps.org/doi/10.1103/PhysRevD.99.012002}
}

@article{MicroBooNE:Acciarri_2017,
doi = {10.1088/1748-0221/12/02/P02017},
url = {https://dx.doi.org/10.1088/1748-0221/12/02/P02017},
year = {2017},
month = {feb},
publisher = {},
volume = {12},
number = {02},
pages = {P02017},
author = {R. Acciarri and C. Adams and R. An and A. Aparicio and S. Aponte and J. Asaadi and M. Auger and N. Ayoub and L. Bagby and B. Baller and R. Barger and G. Barr and M. Bass and F. Bay and K. Biery and M. Bishai and A. Blake and V. Bocean and D. Boehnlein and V.D. Bogert and T. Bolton and L. Bugel and C. Callahan and L. Camilleri and D. Caratelli and B. Carls and R. Castillo Fernandez and F. Cavanna and S. Chappa and H. Chen and K. Chen and C.-Y. Chi and C.S. Chiu and E. Church and D. Cianci and G.H. Collin and J.M. Conrad and M. Convery and J. Cornele and P. Cowan and J.I. Crespo-Anadón and G. Crutcher and C. Darve and R. Davis and M. Del Tutto and D. Devitt and S. Duffin and S. Dytman and B. Eberly and A. Ereditato and D. Erickson and L. Escudero Sanchez and J. Esquivel and S. Farooq and J. Farrell and D. Featherston and B.T. Fleming and W. Foreman and A.P. Furmanski and V. Genty and M. Geynisman and D. Goeldi and B. Goff and S. Gollapinni and N. Graf and E. Gramellini and J. Green and A. Greene and H. Greenlee and T. Griffin and R. Grosso and R. Guenette and A. Hackenburg and R. Haenni and P. Hamilton and P. Healey and O. Hen and E. Henderson and J. Hewes and C. Hill and K. Hill and L. Himes and J. Ho and G. Horton-Smith and D. Huffman and C.M. Ignarra and C. James and E. James and J. Jan de Vries and W. Jaskierny and C.-M. Jen and L. Jiang and B. Johnson and M. Johnson and R.A. Johnson and B.J.P. Jones and J. Joshi and H. Jostlein and D. Kaleko and L.N. Kalousis and G. Karagiorgi and T. Katori and P. Kellogg and W. Ketchum and J. Kilmer and B. King and B. Kirby and M. Kirby and E. Klein and T. Kobilarcik and I. Kreslo and R. Krull and R. Kubinski and G. Lange and F. Lanni and A. Lathrop and A. Laube and W.M. Lee and Y. Li and D. Lissauer and A. Lister and B.R. Littlejohn and S. Lockwitz and D. Lorca and W.C. Louis and G. Lukhanin and M. Luethi and B. Lundberg and X. Luo and G. Mahler and I. Majoros and D. Makowiecki and A. Marchionni and C. Mariani and D. Markley and J. Marshall and D.A. Martinez Caicedo and K.T. McDonald and D. McKee and A. McLean and J. Mead and V. Meddage and T. Miceli and G.B. Mills and W. Miner and J. Moon and M. Mooney and C.D. Moore and Z. Moss and J. Mousseau and R. Murrells and D. Naples and P. Nienaber and B. Norris and N. Norton and J. Nowak and M. O'Boyle and T. Olszanowski and O. Palamara and V. Paolone and V. Papavassiliou and S.F. Pate and Z. Pavlovic and R. Pelkey and M. Phipps and S. Pordes and D. Porzio and G. Pulliam and X. Qian and J.L. Raaf and V. Radeka and A. Rafique and R. A Rameika and B. Rebel and R. Rechenmacher and S. Rescia and L. Rochester and C. Rudolf von Rohr and A. Ruga and B. Russell and R. Sanders and W.R. Sands III and M. Sarychev and D.W. Schmitz and A. Schukraft and R. Scott and W. Seligman and M.H. Shaevitz and M. Shoun and J. Sinclair and W. Sippach and T. Smidt and A. Smith and E.L. Snider and M. Soderberg and M. Solano-Gonzalez and S. Söldner-Rembold and S.R. Soleti and J. Sondericker and P. Spentzouris and J. Spitz and J. St. John and T. Strauss and K. Sutton and A.M. Szelc and K. Taheri and N. Tagg and K. Tatem and J. Teng and K. Terao and M. Thomson and C. Thorn and J. Tillman and M. Toups and Y.-T. Tsai and S. Tufanli and T. Usher and M. Utes and R.G. Van de Water and C. Vendetta and S. Vergani and E. Voirin and J. Voirin and B. Viren and P. Watkins and M. Weber and T. Wester and J. Weston and D.A. Wickremasinghe and S. Wolbers and T. Wongjirad and K. Woodruff and K.C. Wu and T. Yang and B. Yu and G.P. Zeller and J. Zennamo and C. Zhang and M. Zuckerbrot},
title = {Design and construction of the MicroBooNE detector},
journal = {Journal of Instrumentation},
abstract = {This paper describes the design and construction of the MicroBooNE liquid argon time projection chamber and associated systems. MicroBooNE is the first phase of the Short Baseline Neutrino program, located at Fermilab, and will utilize the capabilities of liquid argon detectors to examine a rich assortment of physics topics.  In this document details of design specifications, assembly procedures, and acceptance tests are reported.}
}

@article{LArIAT:Acciarri_2020,
doi = {10.1088/1748-0221/15/04/P04026},
url = {https://dx.doi.org/10.1088/1748-0221/15/04/P04026},
year = {2020},
month = {apr},
publisher = {},
volume = {15},
number = {04},
pages = {P04026},
author = {R. Acciarri and C. Adams and J.A. Asaadi and M. Backfish and W. Badgett and B. Baller and O. Benevides Rodrigues and F.d.M. Blaszczyk and R. Bouabid and C. Bromberg and R. Carey and R. Castillo Fernandez and F. Cavanna and J.I. Cevallos Aleman and A. Chatterjee and P. Dedin and M.V. dos Santos and D. Edmunds and M. Elkins and C. Escobar and J. Esquivel and J. Evans and A. Falcone and A. Farbin and W. Flanagan and B.T. Fleming and W. Foreman and D. Garcia-Gamez and D. Gastler and T. Ghosh and R.A. Gomes and E. Gramellini and R. Gran and D.R. Gratieri and P. Guzowski and A. Habig and A. Hahn and P. Hamilton and C. Hill and J. Ho and A. Holin and J. Hugon and E. Iwai and D. Jensen and R.A. Johnson and H. Jostlein and H. Kawai and E. Kearns and E. Kemp and M. Kirby and T. Kobilarcik and M. Kordosky and P. Kryczyński and K. Lang and R. Linehan and S. Lockwitz and X. Luo and A.A.B. Machado and A. Marchionni and T. Maruyama and L. Mendes Santos and W. Metcalf and C.A. Moura and R. Nichol and I. Nutini and A. Olivier and O. Palamara and J. Paley and I. Parmaksiz and B. Passarelli Gelli and L. Paulucci and D. Phan and G. Pulliam and J.L. Raaf and B. Rebel and M. Reggiani Guzzo and M. Ross-Lonergan and M. Soares Nunes and D. W. Schmitz and E. Segreto and D. Sessumes and S. Shahsavarani and D. Shooltz and D. Smith and M. Soderberg and B. Soubasis and F. Spagliardi and J.M. St. John and M. Stancari and D. Stefan and M. Stephens and R. Sulej and A.M. Szelc and M. Tabata and D. Totani and M. Tzanov and G.A. Valdiviesso and D. Walker and H. Wenzel and Z. Williams and T. Yang and J. Yu and G.P. Zeller and S. Zhang and J. Zhu},
title = {The Liquid Argon In A Testbeam (LArIAT) experiment},
journal = {Journal of Instrumentation},
abstract = {The LArIAT liquid argon time projection chamber, placed in a   tertiary beam of charged particles at the Fermilab Test Beam   Facility, has collected large samples of pions, muons, electrons,   protons, and kaons in the momentum range   0∼30–0140 MeV/c. This paper describes the main aspects of the   detector and beamline, and also reports on calibrations performed   for the detector and beamline components.}
}

%% QPIX
@misc{qpix:nygren:mei,
  doi = {10.48550/ARXIV.1809.10213},
  url = {https://arxiv.org/abs/1809.10213},
  author = {Nygren, David and Mei, Yuan},
  keywords = {Instrumentation and Detectors (physics.ins-det), High Energy Physics - Experiment (hep-ex), FOS: Physical sciences, FOS: Physical sciences},
  title = {Q-Pix: Pixel-scale Signal Capture for Kiloton Liquid Argon TPC Detectors: Time-to-Charge Waveform Capture, Local Clocks, Dynamic Networks},
  publisher = {arXiv}, 
  year = {2018},
  copyright = {arXiv.org perpetual, non-exclusive license}
}

@article{qpix:shion,
  title = {Enhanced low-energy supernova burst detection in large liquid argon time projection chambers enabled by Q-Pix},
  author = {Kubota, S. and Ho, J. and McDonald, A. D. and Tata, N. and Asaadi, J. and Guenette, R. and Battat, J. B. R. and Braga, D. and Demarteau, M. and Djurcic, Z. and Febbraro, M. and Gramellini, E. and Kohani, S. and Mauger, C. and Mei, Y. and Newcomer, F. M. and Nishimura, K. and Nygren, D. and Van Berg, R. and Varner, G. S. and Woodworth, K.},
  collaboration = {Q-Pix Collaboration},
  journal = {Phys. Rev. D},
  volume = {106},
  issue = {3},
  pages = {032011},
  numpages = {19},
  year = {2022},
  month = {Aug},
  publisher = {American Physical Society},
  doi = {10.1103/PhysRevD.106.032011},
  url = {https://link.aps.org/doi/10.1103/PhysRevD.106.032011}
}

%% misc
@article{geant4:AGOSTINELLI2003250,
title = {Geant4—a simulation toolkit},
journal = {Nuclear Instruments and Methods in Physics Research Section A: Accelerators, Spectrometers, Detectors and Associated Equipment},
volume = {506},
number = {3},
pages = {250-303},
year = {2003},
issn = {0168-9002},
doi = {https://doi.org/10.1016/S0168-9002(03)01368-8},
url = {https://www.sciencedirect.com/science/article/pii/S0168900203013688},
author = {S. Agostinelli and J. Allison and K. Amako and J. Apostolakis and H. Araujo and P. Arce and M. Asai and D. Axen and S. Banerjee and G. Barrand and F. Behner and L. Bellagamba and J. Boudreau and L. Broglia and A. Brunengo and H. Burkhardt and S. Chauvie and J. Chuma and R. Chytracek and G. Cooperman and G. Cosmo and P. Degtyarenko and A. Dell'Acqua and G. Depaola and D. Dietrich and R. Enami and A. Feliciello and C. Ferguson and H. Fesefeldt and G. Folger and F. Foppiano and A. Forti and S. Garelli and S. Giani and R. Giannitrapani and D. Gibin and J.J. {Gómez Cadenas} and I. González and G. {Gracia Abril} and G. Greeniaus and W. Greiner and V. Grichine and A. Grossheim and S. Guatelli and P. Gumplinger and R. Hamatsu and K. Hashimoto and H. Hasui and A. Heikkinen and A. Howard and V. Ivanchenko and A. Johnson and F.W. Jones and J. Kallenbach and N. Kanaya and M. Kawabata and Y. Kawabata and M. Kawaguti and S. Kelner and P. Kent and A. Kimura and T. Kodama and R. Kokoulin and M. Kossov and H. Kurashige and E. Lamanna and T. Lampén and V. Lara and V. Lefebure and F. Lei and M. Liendl and W. Lockman and F. Longo and S. Magni and M. Maire and E. Medernach and K. Minamimoto and P. {Mora de Freitas} and Y. Morita and K. Murakami and M. Nagamatu and R. Nartallo and P. Nieminen and T. Nishimura and K. Ohtsubo and M. Okamura and S. O'Neale and Y. Oohata and K. Paech and J. Perl and A. Pfeiffer and M.G. Pia and F. Ranjard and A. Rybin and S. Sadilov and E. {Di Salvo} and G. Santin and T. Sasaki and N. Savvas and Y. Sawada and S. Scherer and S. Sei and V. Sirotenko and D. Smith and N. Starkov and H. Stoecker and J. Sulkimo and M. Takahata and S. Tanaka and E. Tcherniaev and E. {Safai Tehrani} and M. Tropeano and P. Truscott and H. Uno and L. Urban and P. Urban and M. Verderi and A. Walkden and W. Wander and H. Weber and J.P. Wellisch and T. Wenaus and D.C. Williams and D. Wright and T. Yamada and H. Yoshida and D. Zschiesche},
keywords = {Simulation, Particle interactions, Geometrical modelling, Software engineering, Object-oriented technology, Distributed software development},
abstract = {Geant4 is a toolkit for simulating the passage of particles through matter. It includes a complete range of functionality including tracking, geometry, physics models and hits. The physics processes offered cover a comprehensive range, including electromagnetic, hadronic and optical processes, a large set of long-lived particles, materials and elements, over a wide energy range starting, in some cases, from 250eV and extending in others to the TeV energy range. It has been designed and constructed to expose the physics models utilised, to handle complex geometries, and to enable its easy adaptation for optimal use in different sets of applications. The toolkit is the result of a worldwide collaboration of physicists and software engineers. It has been created exploiting software engineering and object-oriented technology and implemented in the C++ programming language. It has been used in applications in particle physics, nuclear physics, accelerator design, space engineering and medical physics.}
}

@article{Juno:2022103927,
title = {JUNO physics and detector},
journal = {Progress in Particle and Nuclear Physics},
volume = {123},
pages = {103927},
year = {2022},
issn = {0146-6410},
doi = {https://doi.org/10.1016/j.ppnp.2021.103927},
url = {https://www.sciencedirect.com/science/article/pii/S0146641021000880},
keywords = {JUNO, neutrino physics, neutrino detector}
}

@misc{ICARUS_2001,
  doi = {10.48550/ARXIV.HEP-EX/0103008},
  url = {https://arxiv.org/abs/hep-ex/0103008},
  author = {Arneodo, F.},
  keywords = {High Energy Physics - Experiment (hep-ex), FOS: Physical sciences, FOS: Physical sciences},
  title = {The ICARUS Experiment, A Second-Generation Proton Decay Experiment and Neutrino Observatory at the Gran Sasso Laboratory},
  publisher = {arXiv},
  year = {2001},
  copyright = {Assumed arXiv.org perpetual, non-exclusive license to distribute this article for submissions made before January 2004}
}

@article{PROCUREUR2013888_genetic_multiplexing,
title = {Genetic multiplexing and first results with a 50×50cm2 Micromegas},
journal = {Nuclear Instruments and Methods in Physics Research Section A: Accelerators, Spectrometers, Detectors and Associated Equipment},
volume = {729},
pages = {888-894},
year = {2013},
issn = {0168-9002},
doi = {https://doi.org/10.1016/j.nima.2013.08.071},
url = {https://www.sciencedirect.com/science/article/pii/S0168900213012126},
author = {S. Procureur and R. Dupré and S. Aune},
keywords = {MPGD, Micromegas, GEM, Tomography, Volcanology, Homeland security},
abstract = {An innovative technique for the readout of a detector is presented, based on the assumption that at least two neighbouring elements (e.g. strips) record a signal from the passage of a particle. This concept, called genetic multiplexing, is particularly adapted to Micro-Pattern Gaseous Detectors, but can also be used for other types of detectors. Furthermore, the degree of multiplexing can be easily adapted in the detector design to the incident flux of particles. The technique has been tested on a large, 50×50cm2 Micromegas prototype equipped with 1024 strips and read with only 61 channels. First results obtained with cosmics are reported, showing the good performance of the detector. Genetic multiplexing offers the possibility to build large area detectors with a considerably reduced number of electronic channels, and has therefore a wide range of applications in and beyond particle physics.}
}